@inproceedings{piad2019general,
  title={A general-purpose annotation model for knowledge discovery: Case study in spanish clinical text},
  author={Piad-Morffis, Alejandro and Guit{\'e}rrez, Yoan and Estevez-Velarde, Suilan and Mu{\~n}oz, Rafael},
  booktitle={Proceedings of the 2nd Clinical Natural Language Processing Workshop},
  pages={79--88},
  year={2019}
}